<record><leader>00000cas a22000007a 4500</leader><controlfield tag="001">12776101</controlfield><controlfield tag="008">851108d18521853wvuwx ne      0    0eng d</controlfield><datafield ind1=" " ind2=" " tag="010"><subfield code="a">sn 85059628 </subfield></datafield><datafield ind1=" " ind2=" " tag="040"><subfield code="a">WVC</subfield><subfield code="b">eng</subfield><subfield code="c">WVC</subfield><subfield code="d">DLC</subfield><subfield code="d">OCL</subfield><subfield code="d">UAB</subfield><subfield code="d">OCLCF</subfield><subfield code="d">OCLCO</subfield></datafield><datafield ind1=" " ind2=" " tag="042"><subfield code="a">msc</subfield></datafield><datafield ind1="0" ind2="4" tag="245"><subfield code="a">The Mountain Cove journal and spiritual harbinger.</subfield></datafield><datafield ind1=" " ind2=" " tag="260"><subfield code="a">Mountain Cove, Va. [W. Va.] :</subfield><subfield code="b">James L. Scott &amp; Thomas L. Harris,</subfield><subfield code="c">1852-1853.</subfield></datafield><datafield ind1=" " ind2=" " tag="300"><subfield code="a">v.</subfield></datafield><datafield ind1=" " ind2=" " tag="310"><subfield code="a">Weekly</subfield></datafield><datafield ind1="1" ind2=" " tag="362"><subfield code="a">Vol. 1, no. 1 (Aug. 12, 1852)-v. 1, no. 35 (Oct. 30, 1853).</subfield></datafield><datafield ind1=" " ind2="0" tag="650"><subfield code="a">Spiritualism</subfield><subfield code="v">Periodicals.</subfield></datafield><datafield ind1=" " ind2="7" tag="655"><subfield code="a">Periodicals.</subfield><subfield code="2">fast</subfield><subfield code="0">(OCoLC)fst01411641</subfield></datafield><datafield ind1=" " ind2="7" tag="650"><subfield code="a">Spiritualism.</subfield><subfield code="2">fast</subfield><subfield code="0">(OCoLC)fst01130170</subfield></datafield><datafield ind1=" " ind2=" " tag="752"><subfield code="a">United States</subfield><subfield code="b">West Virginia</subfield><subfield code="c">Fayette</subfield><subfield code="d">Mountain Cove.</subfield></datafield></record>